%% This BibTeX bibliography file was created using BibDesk.
%% http://bibdesk.sourceforge.net/


%% Created for Ryan Maksymic at 2013-09-07 00:54:42 -0400 


%% Saved with string encoding Unicode (UTF-8) 



@inproceedings{barkhuus08,
	Address = {New York, NY, USA},
	Author = {Barkhuus, L. and J{\o}rgensen, T.},
	Booktitle = {CHI '08 Extended Abstracts on Human Factors in Computing Systems},
	Date-Added = {2013-09-07 04:41:17 +0000},
	Date-Modified = {2013-09-07 04:54:34 +0000},
	Keywords = {audience interaction, musical events},
	Number = {6},
	Pages = {2925-2930},
	Publisher = {ACM},
	Series = {CHI EA '08},
	Title = {Engaging the crowd: Studies of audience-performer interaction},
	Year = {2008}}

@inproceedings{maynes02,
	Address = {Washington, DC, USA},
	Author = {Maynes-Aminzade, D. and Pausch, R. and Seitz, S.},
	Booktitle = {Proceedings of the 4th IEEE International Conference on Multimodal Interfaces},
	Date-Added = {2013-09-02 00:13:30 +0000},
	Date-Modified = {2013-09-07 04:52:08 +0000},
	Publisher = {IEEE Computer Society},
	Series = {ICMI '02},
	Title = {Techniques for Interactive Audience Participation},
	Year = {2002}}
